



@article{raimbault2022trade,
  title={Trade-offs between sustainable development goals in systems of cities},
  author={Raimbault, Juste and Pumain, Denise},
  journal={Journal of Urban Management},
  volume={11},
  number={2},
  pages={237--245},
  year={2022},
  publisher={Elsevier}
}



@article{olteanu2015knowledge,
  title={Knowledge formalization for vector data matching using belief theory},
  author={Olteanu-Raimond, Ana-Maria and Mustiere, Sebastien and Ruas, Anne},
  journal={Journal of Spatial Information Science},
  number={10},
  pages={21--46},
  year={2015}
}


@techreport{mustiere2002description,
title={Description des processus d'appariement mise en oeuvre au COGIT, Rapport 2002.0072, chap.6},
author={Mustière, Sébastien},
institution={IGN},
year={2002}
}

@inproceedings{bucher2012geoxygene,
  title={Geoxygene: Built on top of the expertise of the french nma to host and share advanced gi science research results},
  author={Bucher, B{\'e}n{\'e}dicte and Brasebin, Micka{\"e}l and Buard, Elodie and Grosso, Eric and Musti{\`e}re, S{\'e}bastien and Perret, Julien},
  booktitle={Geospatial Free and Open Source Software in the 21st Century: Proceedings of the first Open Source Geospatial Research Symposium, OGRS 2009},
  pages={21--33},
  year={2012},
  organization={Springer}
}

@phdthesis{belhadjali:tel-03244834,
  TITLE = {{Qualit{\'e} g{\'e}om{\'e}trique des entit{\'e}s g{\'e}ographiques surfaciques. Application {\`a} l'appariement et d{\'e}finition d'une typologie des {\'e}carts geom{\'e}triques}},
  AUTHOR = {Bel Hadj Ali, Atef},
  URL = {https://hal.science/tel-03244834},
  SCHOOL = {{universit{\'e} Gustave Effeil ; Anciennement Universit{\'e} de Marne La vall{\'e}e}},
  YEAR = {2001},
  MONTH = Oct,
  KEYWORDS = {GIS ; Data quality ; Standards ; matching ; SIG ; qualit{\'e} des donn{\'e}es ; Normes ; appariement},
  TYPE = {Theses},
  PDF = {https://hal.science/tel-03244834v1/file/These_BelHadjAli_2001.pdf},
  HAL_ID = {tel-03244834},
  HAL_VERSION = {v1},
}

@inproceedings{harvey1998geometric,
  title={Geometric matching of areas, comparison measures and association links},
  author={Harvey, Francis and Vauglin, F and Bel Hadj Ali, A},
  booktitle={Proceedings of the 8th International Symposium On Spatial Data Handling},
  pages={557--568},
  year={1998}
}

@article{gregory2007historical,
  title={Historical GIS: structuring, mapping and analysing geographies of the past},
  author={Gregory, Ian N and Healey, Richard G},
  journal={Progress in human geography},
  volume={31},
  number={5},
  pages={638--653},
  year={2007},
  publisher={Sage Publications Sage UK: London, England}
}


@inproceedings{costes2015aggregated,
  title={An aggregated graph to qualify historical spatial networks using temporal patterns detection},
  author={Costes, Benoit and Perret, Julien and Bucher, B{\'e}n{\'e}dicte and Gribaudi, Maurizio},
  booktitle={The 18th AGILE International Conference on Geographic Information Science},
  year={2015}
}

@article{xavier2016survey,
  title={A survey of measures and methods for matching geospatial vector datasets},
  author={Xavier, Emerson MA and Ariza-L{\'o}pez, Francisco J and Urena-Camara, Manuel A},
  journal={ACM Computing Surveys (CSUR)},
  volume={49},
  number={2},
  pages={1--34},
  year={2016},
  publisher={ACM New York, NY, USA}
}

@article{bucher2025building,
title={A building changes model to support comparative studies and open discussions on densification},
author={Bucher, Bénédicte and Raimbault, Juste and Ndim, Mouhamadou and Raimond, Ana-Maria and Perret, Julien and Dembski, Sebastian and Jehling, Mathias},
journal={Under review for IJGI},
year={2025}
}

@inproceedings{guardiola2024benchmarking,
  title={Benchmarking algorithms for matching geospatial vector data},
  author={Guardiola, Paul and Raimbault, Juste and Olteanu-Raimond, Ana-Maria and Perret, Julien},
  booktitle={Proceedings of the French Regional Conference on Complex Systems},
  pages={277--280},
  year={2024}
}

@inproceedings{guardiola2024optimising,
  title={Optimising geospatial vector data matching algorithms for change detection with synthetic data},
  author={Guardiola, Paul and Raimbault, Juste and Olteanu-Raimond, Ana-Maria and Perret, Julien},
  booktitle={Conference on Complex Systems 2024},
  year={2024}
}





@inproceedings{bucher2024conceptualising,
  title={Conceptualising a co-operative building evolution dashboard on city regions over the past decades for densification studies},
  author={Bucher, B{\'e}n{\'e}dicte and Ndim, Mouhamadou and Olteanu-Raimond, Ana-Maria and Raimbault, Juste and Perret, Julien and Dembski, Sebastian and Jehling, Mathias},
  booktitle={27th AGILE Conference on Geographic Information Science," Geographic Information Science for a Sustainable Future"},
  volume={5},
  year={2024}
}






@article{xavier2016survey,
  title={A survey of measures and methods for matching geospatial vector datasets},
  author={Xavier, Emerson MA and Ariza-L{\'o}pez, Francisco J and Urena-Camara, Manuel A},
  journal={ACM Computing Surveys (CSUR)},
  volume={49},
  number={2},
  pages={1--34},
  year={2016},
  publisher={ACM New York, NY, USA}
}


@book{batty2018inventing,
  title={Inventing future cities},
  author={Batty, Michael},
  year={2018},
  publisher={MIT press}
}


@book{evers2024urbanization,
  title={Urbanization in Europe: Past Developments and Pathways to a Sustainable Future},
  author={Evers, David and Katuri{\'c}, Ivana and van der Wouden, Ries},
  year={2024},
  publisher={Springer Nature}
}


@article{jehling2020densification,
  title={Densification in suburban Germany: approaching policy and space through concepts of justice},
  author={Jehling, Mathias and Schorcht, Martin and Hartmann, Thomas},
  journal={Town Planning Review},
  volume={91},
  number={3},
  pages={217--237},
  year={2020},
  publisher={Liverpool University Press}
}

@article{khelifi2020deep,
  title={Deep learning for change detection in remote sensing images: Comprehensive review and meta-analysis},
  author={Khelifi, Lazhar and Mignotte, Max},
  journal={Ieee Access},
  volume={8},
  pages={126385--126400},
  year={2020},
  publisher={IEEE}
}

@inproceedings{guardiola2024optimising,
  title={Optimising geospatial vector data matching algorithms for change detection with synthetic data},
  author={Guardiola, P. and Raimbault, J. and Olteanu-Raimond, A. and Perret, J.},
  year={2024},
  booktitle={Conference on Complex Systems 2024, Exeter, September 2024}
}
